<record><leader>00000cas a22000007a 4500</leader><controlfield tag="001">10573877</controlfield><controlfield tag="008">840329d187u187unbuwr ne      0    0eng d</controlfield><datafield ind1=" " ind2=" " tag="010"><subfield code="a">sn 84022806 </subfield></datafield><datafield ind1=" " ind2=" " tag="040"><subfield code="a">NPX</subfield><subfield code="b">eng</subfield><subfield code="c">NPX</subfield><subfield code="d">NPU</subfield><subfield code="d">NVG</subfield><subfield code="d">CRL</subfield><subfield code="d">OCLCQ</subfield><subfield code="d">OCLCF</subfield><subfield code="d">OCLCO</subfield></datafield><datafield ind1=" " ind2=" " tag="042"><subfield code="a">msc</subfield></datafield><datafield ind1=" " ind2=" " tag="043"><subfield code="a">n-us-nb</subfield></datafield><datafield ind1="0" ind2="4" tag="245"><subfield code="a">The Beatrice express.</subfield></datafield><datafield ind1=" " ind2=" " tag="260"><subfield code="a">Beatrice, Neb. :</subfield><subfield code="b">Theodore Coleman &amp; Co.</subfield></datafield><datafield ind1=" " ind2=" " tag="300"><subfield code="a">v. ;</subfield><subfield code="c">64 cm.</subfield></datafield><datafield ind1=" " ind2=" " tag="310"><subfield code="a">Weekly</subfield></datafield><datafield ind1=" " ind2=" " tag="500"><subfield code="a">"Republican."</subfield></datafield><datafield ind1=" " ind2=" " tag="530"><subfield code="a">Also issued on microfilm from UMI.</subfield></datafield><datafield ind1=" " ind2=" " tag="588"><subfield code="a">Description based on: Vol. 2, no. 1 (Apr. 15, 1871).</subfield></datafield><datafield ind1=" " ind2=" " tag="588"><subfield code="a">Latest issue consulted: Vol. 8, no. 42 (Jan. 28, 1878).</subfield></datafield><datafield ind1=" " ind2="0" tag="651"><subfield code="a">Beatrice (Neb.)</subfield><subfield code="v">Newspapers.</subfield></datafield><datafield ind1=" " ind2="7" tag="655"><subfield code="a">Newspapers.</subfield><subfield code="2">fast</subfield><subfield code="0">(OCoLC)fst01423814</subfield></datafield><datafield ind1=" " ind2="7" tag="651"><subfield code="a">Nebraska</subfield><subfield code="z">Beatrice.</subfield><subfield code="2">fast</subfield><subfield code="0">(OCoLC)fst01224842</subfield></datafield><datafield ind1=" " ind2=" " tag="752"><subfield code="a">United States</subfield><subfield code="b">Nebraska</subfield><subfield code="c">Gage</subfield><subfield code="d">Beatrice.</subfield></datafield><datafield ind1="0" ind2="0" tag="780"><subfield code="t">Beatrice clarion</subfield></datafield><datafield ind1="0" ind2="0" tag="785"><subfield code="t">Beatrice weekly express</subfield><subfield code="w">(DLC)sn 99021997</subfield><subfield code="w">(OCoLC)42958215</subfield></datafield></record>